<record><leader>00000cas a2200000 a 4500</leader><controlfield tag="001">47780055</controlfield><controlfield tag="008">010814d19761981oruwr ne      0    0eng c</controlfield><datafield ind1=" " ind2=" " tag="010"><subfield code="a">  2001260322</subfield></datafield><datafield ind1=" " ind2=" " tag="040"><subfield code="a">ORU</subfield><subfield code="b">eng</subfield><subfield code="c">ORU</subfield><subfield code="d">OCLCQ</subfield><subfield code="d">OCLCF</subfield><subfield code="d">OCLCO</subfield></datafield><datafield ind1="1" ind2=" " tag="029"><subfield code="a">AU@</subfield><subfield code="b">000022926849</subfield></datafield><datafield ind1=" " ind2=" " tag="042"><subfield code="a">pcc</subfield></datafield><datafield ind1=" " ind2=" " tag="043"><subfield code="a">n-us-or</subfield></datafield><datafield ind1="0" ind2="4" tag="245"><subfield code="a">The newspaper of the Crook County area.</subfield></datafield><datafield ind1="1" ind2="7" tag="246"><subfield code="a">Newspaper</subfield></datafield><datafield ind1=" " ind2=" " tag="260"><subfield code="a">Prineville, Or. :</subfield><subfield code="b">[L. Jorgenson],</subfield><subfield code="c">1976-1981.</subfield></datafield><datafield ind1=" " ind2=" " tag="300"><subfield code="a">5 v. :</subfield><subfield code="b">ill. ;</subfield><subfield code="c">39-58 cm.</subfield></datafield><datafield ind1=" " ind2=" " tag="310"><subfield code="a">Weekly</subfield></datafield><datafield ind1="0" ind2=" " tag="362"><subfield code="a">Vol. 1, no. 3 (Oct. 20, 1976)-v. 5, no. 32 (May 6, 1981).</subfield></datafield><datafield ind1=" " ind2=" " tag="530"><subfield code="a">Also issued on microfilm from University of Oregon.</subfield></datafield><datafield ind1=" " ind2="0" tag="651"><subfield code="a">Crook County (Or.)</subfield><subfield code="v">Newspapers.</subfield></datafield><datafield ind1=" " ind2="7" tag="655"><subfield code="a">Newspapers.</subfield><subfield code="2">fast</subfield><subfield code="0">(OCoLC)fst01423814</subfield></datafield><datafield ind1=" " ind2="7" tag="651"><subfield code="a">Oregon</subfield><subfield code="z">Crook County.</subfield><subfield code="2">fast</subfield><subfield code="0">(OCoLC)fst01208265</subfield></datafield><datafield ind1=" " ind2=" " tag="752"><subfield code="a">United States</subfield><subfield code="b">Oregon</subfield><subfield code="c">Crook</subfield><subfield code="d">Prineville.</subfield></datafield><datafield ind1="0" ind2="0" tag="780"><subfield code="t">Newspaper of the Prineville area</subfield><subfield code="w">(DLC)  2001260321</subfield></datafield></record>